

@inbook{book1,
place={Cambridge},
title={Cooperative Communications and Networking}, 
chapter={4},
DOI={10.1017/CBO9780511754524},
publisher={Cambridge University Press},
author={Liu, K. J. Ray and Sadek, Ahmed K. and Su, Weifeng and Kwasinski, Andres},
year={2008},
}


@Manual{numba,
  title = {Numba: A High Performance Python Compiler},
  author = {{Anaconda, Inc.}},
  organization = {Anaconda, Inc.},
  year = {2022},
  url = {https://numba.pydata.org/},
}



@article{fenton2021mitochondrial,
  title={Mitochondrial dynamics: Shaping and remodeling an organelle network},
  author={Fenton, Adam R and Jongens, Thomas A and Holzbaur, Erika LF},
  journal={Current opinion in cell biology},
  volume={68},
  pages={28--36},
  year={2021},
  publisher={Elsevier}
}

@book{alberts2017molecular,
  title={Molecular biology of the cell},
  author={Alberts, Bruce},
  year={2017},
  publisher={Garland science}
}



%apendices

@software{scipy,
  author = {{SciPy} Contributors},
  title = {{SciPy}: Open source scientific tools for Python},
  url = {https://www.scipy.org/},
  version = {1.7.3},
  year = {2022},
  note = {Function stats.kruskal documentation: \url{https://docs.scipy.org/doc/scipy/reference/generated/scipy.stats.kruskal.html}},
}



@misc{corder2011nonparametric,
  title={Nonparametric statistics for non-statisticians},
  author={Corder, Gregory W and Foreman, Dale I},
  year={2011},
  publisher={John Wiley \& Sons, Inc.}
}



@thesis{tessisPalavicini,
  author = {Carla Palavicini},
  title = {Mecánica y dinámica del citoesqueleto en células vivas},
  school = {Universidad de Buenos Aires},
  year = {2017},
}